@online{powerball.caPowerballLotteryOdds,
  title = {Powerball {{Lottery Odds}} and {{Prizes}}},
  author = {Powerball.ca},
  url = {https://www.powerball.ca/odds-prizes/},
  urldate = {2021-12-08},
  abstract = {Information on the odds and prizes of the US Powerball lottery. Featuring information on Power Play odds and the cash and annuity options for jackpot winners.},
  langid = {english},
  organization = {{powerball.ca}},
  file = {/home/alex/Documents/Resources/Zotero/storage/7PDG4IAV/odds-prizes.html}
}


