@article{Steinhaus1949,
  title = {The So-Called {{Petersburg}} Paradox},
  author = {Steinhaus, Hugo},
  date = {1949},
  journaltitle = {Colloquium Mathematicum},
  volume = {2},
  number = {1},
  pages = {56--58},
  url = {http://eudml.org/doc/209978},
  langid = {english},
  keywords = {probability theory},
  file = {/home/alex/Documents/Resources/Zotero/storage/2PEWY89A/cm2114.pdf}
}

@book{des1764memoires,
  title = {Mémoires Donnés à l'{{Académie}} Royale Des Sciences, Non Imprimés Dans Leur Temps},
  author = {Des Bertins, Alexis Fontaine},
  date = {1764},
  publisher = {{de l'imprimerie royale}},
  file = {/home/alex/Documents/Resources/Zotero/storage/MUUZCSNK/Mémoires_donnés_à_l_Académie_royale.pdf}
}